@book{bhatia,
    title =     {Fourier series},
    author =    {Rajendra Bhatia},
    publisher = {Mathematical Association of America},
    isbn =      {0883857405,9780883857403},
    year =      {2005}
}

@misc{banach,
    title = {Joni's Math Notes: Divergence of Fourier series},
    howpublished = {\url{http://jonismathnotes.blogspot.in/2014/07/divergence-of-fourier-series.html}},
}

@misc{weyl,
        author = {Jacques Verstraëte},
        title = {Notes on Equidistribution},    
        howpublished = {\url{http://www.math.ucsd.edu/~jverstra/Weyl2.pdf}},
}

@misc{toronto,
    author = {Mustazee Rahman},
    title = {Roth’s Theorem on 3-term Arithmetic Progressions},
    howpublished = {\url{http://wiki.math.toronto.edu/TorontoMathWiki/images/2/2d/Expo_paper.pdf}},
}