@book{bhatia,
    title =     {Fourier series},
    author =    {Rajendra Bhatia},
    publisher = {Mathematical Association of America},
    isbn =      {0883857405,9780883857403},
    year =      {2005}
}

@misc{banach,
    title = {Joni's Math Notes: Divergence of Fourier series},
    howpublished = {\url{http://jonismathnotes.blogspot.in/2014/07/divergence-of-fourier-series.html}},
}